@inproceedings{lattes-dataset,
  author = {Thiago M. R. Dias and Alberto H. F. Laender and Gray F. Moita},
  title = {{LattesDoctoralDataset}: Uma Coleção de Dados Estratificados sobre o Conjunto de Doutores Cadastrados na {Plataforma Lattes}},
  booktitle = {SBBD},
  pages = {245--255},
  year = {2017}
}

@misc{lattes-cnpq,
  title = {Sobre a {Plataforma Lattes}},
  author = {CNPq},
  howpublished = {\url{http://memoria.cnpq.br/web/portal-lattes/sobre-a-plataforma}},
  year = {2010}
}

@inproceedings{sucupira,
  title={Sucupira: a system for information extraction of the lattes platform to identify academic social networks},
  author={Alves, Alexandre Donizeti and Yanasse, Horacio Hideki and Soma, Nei Yoshihiro},
  booktitle={CISTI},
  pages={1--6},
  year={2011},
  organization={IEEE}
}

@article{lsa,
  title={Indexing by latent semantic analysis},
  author={Deerwester, Scott and Dumais, Susan T and Furnas, George W and Landauer, Thomas K and Harshman, Richard},
  journal={JASIST},
  volume={41},
  number={6},
  pages={391},
  year={1990},
  publisher={American Documentation Institute}
}

@inproceedings{random-forests,
  title={Random decision forests},
  author={Ho, Tin Kam},
  booktitle={International conference on document analysis and recognition},
  volume={1},
  pages={278--282},
  year={1995},
  organization={IEEE}
}

@inproceedings{k-means,
  title={Some methods for classification and analysis of multivariate observations},
  author={MacQueen, James and others},
  booktitle={Proceedings of the fifth Berkeley symposium on mathematical statistics and probability},
  volume={1},
  year={1967}
}

@misc{censo-mec,
  title={Altos índices de desistência na graduação revelam fragilidade do ensino médio, avalia ministro},
  howpublished = {\url{http://portal.mec.gov.br/ultimas-noticias/212/40111}},
  author="{Ministério da Educação}",
  year={2016},
}

@article{sklearn,
 title={Scikit-learn: Machine Learning in {P}ython},
 author={Pedregosa, F. and Varoquaux, G. and Gramfort, A. and Michel, V.
         and Thirion, B. and Grisel, O. and Blondel, M. and Prettenhofer, P.
         and Weiss, R. and Dubourg, V. and Vanderplas, J. and Passos, A. and
         Cournapeau, D. and Brucher, M. and Perrot, M. and Duchesnay, E.},
 journal={Journal of Machine Learning Research},
 volume={12},
 pages={2825--2830},
 year={2011}
}
